@online{nyu-colors,
	title = {{NYU} {Colors}},
	author = {NYU Marketing {and} Communications},
	url = {http://www.nyu.edu/content/nyu/en/employees/resources-and-services/media-and-communications/nyu-brand-guidelines/designing-in-our-style/nyu-colors},
	urldate = {2023-06-15},
}

@online{nyu-fonts,
	title = {Typefaces and {Fonts}},
	author = {NYU Web Communications},
	url = {http://www.nyu.edu/content/nyu/en/employees/resources-and-services/media-and-communications/nyu-brand-guidelines/designing-in-our-style/typefaces-and-fonts},
	urldate = {2022-08-16},
}

@manual{xcolor,
  title        = {The \pkg{xcolor} package},
  subtitle     = {Driver-independent color extensions for \hologo{LaTeX} and \hologo{pdfLaTeX}},
  author       = {{The LaTeX Project Team} and Kern, Uwe},
  url          = {https://github.com/latex3/xcolor},
  urldate      = {2023-06-30}, 
  date         = {2022-06-12},
  version      = {2.14},
}

@manual{normalcolor,
  title        = {The \pkg{normalcolor} package},
  subtitle     = {Changing \cs{normalcolor}},
  author       = {Kohm, Markus},
  url          = {https://ctan.org/pkg/normalcolor},
  urldate      = {2023-06-30}, 
  date         = {2016-03-22},
  version      = {r11},
}