@manual{texdoc-beamer,
    title = {The \cls{beamer} class},
    version = {3.69}
}