@online{tse-squarebullet-chris,
	title        = {Answer to “Change the itemize from bullet to square”},
    author       = {Chris},
	titleaddon = {{TeX} - {LaTeX} Stack Exchange},
	date         = {2012},
	urldate      = {2023-05-31},
	url          = {https://tex.stackexchange.com/a/64892/1402},
	keywords     = {untrusted},
}

@online{tse-boldhref-werner,
	title = {Answer to “Make all {\textbackslash}href text bold”},
	url = {https://tex.stackexchange.com/a/351654/1402},
	titleaddon = {{TeX} - {LaTeX} Stack Exchange},
	author = {Werner},
	urldate = {2023-06-01},
	date = {2017-02-01},
	file = {Snapshot:/Users/matthew/Zotero/storage/7YIHTT2K/351654.html:text/html},
}

@manual{latex-classes,
    title        = {Standard Document Classes for \LaTeX{} version 2e},
    author       = {Frank Mittelbach and Johannes Braams and the \LaTeX{} Project Team},
    date         = {2022-07-02},
    version      = {1.4n},
    url          = {https://www.latex-project.org/help/documentation/classes.pdf},
}

@manual{pkg-parskip,
  author       = {Frank Mittelbach},
  title        = {The parskip package},
  date         = {2021-03-14},
  version      = {2.0h},
  url          = {https://ctan.org/pkg/parskip},
}

@manual{pkg-caption,
  author       = {Axel Sommerfeldt},
  title        = {Customizing captions of floating environments},
  date         = {2022-02-20},
  version      = {3.6},
  url          = {https://ctan.org/pkg/caption},
}

@online{nyu-templates,
	title = {Templates},
	url = {http://www.nyu.edu/content/nyu/en/employees/resources-and-services/media-and-communications/nyu-brand-guidelines/creating-messaging-and-visual-assets/templates},
	author = {Media {and} Communications, {NYU}},
	urldate = {2023-06-01},
	langid = {english},
	file = {Snapshot:/Users/matthew/Zotero/storage/SZ7PK3L6/templates.html:text/html},
}
