
@misc{nyu-fonts,
	title = {Typefaces and {Fonts}},
	howpublished = {\url{http://www.nyu.edu/content/nyu/en/employees/resources-and-services/media-and-communications/nyu-brand-guidelines/designing-in-our-style/typefaces-and-fonts}},
	language = {en},
	date = {2022-08-16},
	author = {NYU Web Communications},
}

@misc{enwiki:1092758383,
    author = "{Wikipedia contributors}",
    title = "TrueType --- {Wikipedia}{,} The Free Encyclopedia",
    year = "2022",
    howpublished = "\url{https://en.wikipedia.org/w/index.php?title=TrueType&oldid=1092758383}",
    note = "[Online; accessed 16-August-2022]"
}

@misc{enwiki:1104696616,
    author = "{Wikipedia contributors}",
    title = "PostScript fonts --- {Wikipedia}{,} The Free Encyclopedia",
    year = "2022",
    howpublished = "\url{https://en.wikipedia.org/w/index.php?title=PostScript_fonts&oldid=1104696616}",
    note = "[Online; accessed 16-August-2022]"
}
