@misc{tse-graphics-order,
  title = {Graphics file extensions and their order of inclusion when not specified},
  howpublished = {\url{https://tex.stackexchange.com/q/72930}},
  note = {Accessed: 2020-09-25}
}


@misc{nyu-downloads,
  author = {New York University},
  title = {Downloads},
  howpublished = {\url{https://www.nyu.edu/employees/resources-and-services/media-and-communications/styleguide/downloads.html
}},
  note = {Accessed: 2020-09-25}
}

@misc{nyu-logo-basics,
  author       = {New York University},
  title        = {{NYU Identity Logo Basics}},
  howpublished = {\url{https://www.nyu.edu/content/dam/nyu/advertisePublications/documents/standards/Identity_LogoBasics111914_lr.pdf}},
  year         = {}
}
