@misc{NyuColors,
	title = {{NYU} {Colors}},
	url = {http://www.nyu.edu/content/nyu/en/employees/resources-and-services/media-and-communications/nyu-brand-guidelines/designing-in-our-style/nyu-colors},
	language = {en},
	urldate = {2022-08-04},
	author = {NYU Marketing {and} Communications},
}
